@book{21,
	author = {刘海洋},
	title = {LaTeX入门},
	journal = {Broadview}, 
	publisher={电子工业出版社},
	year={2013第1版},
}
@article{22,
	author={大哉数学},
	title={LaTeX公式编号及引用},
	journal={大哉数学微信公众号},
	year={2019},
}
@article{23,
	author={作者不明},
	title={LaTeX进阶语法},
	journal={http://www.ppmy.cn/news/10060.html},
	year={2023/4/25},
}
@article{24,
	author={ThankyPro},
	title={LaTeX插入参考文献手把手教学  BibTeX教程},
	journal={https://blog.csdn.net/SINOAUS\_AI/article/\\details/119458833},
	year={2021/8/6},
}
@book{25,
	author={张大同},
	title={物理(实验班用)上册},
	journal={华东师范大学附属第二中学教材(实验班用)},
	publisher={上海教育出版社},
	year={2015年4月}}
@book{26,
	author={张大同},
	title={物理(实验班用)下册},
	journal={华东师范大学附属第二中学教材(实验班用)},
	publisher={上海教育出版社},
	year={2015年7月}}
@book{27,
	author={范小辉},
	title={高中物理奥赛指导},
	journal={新课程新奥赛系列丛书},
	publisher={南京师范大学出版社},
	year={2018年5月}}	
@article{28,
	author={作者不明},
	title={近代物理},
	journal={http://wiki.etdays.com/html/dacc5c76c23a17e6b46ea27a2880a7f8.html},
	year={2023/5/3},
}